@mastersthesis{Church,
    author    = {Wolfgang Thomas},
    title     = {Churchâ€™s Problem and a Tour through Automata Theory},
    school    = {{RWTH Aachen, Lehrstuhl Informatik 7, 52056 Aachen, Germany}},
    year      = "2008"
}